
@article{velez_tuning_2019,
	title = {Tuning {In}, {Not} {Turning} {Out}: {Evaluating} the {Impact} of {Ethnic} {Television} on {Political} {Participation}},
	volume = {63},
	issn = {0092-5853, 1540-5907},
	shorttitle = {Tuning {In}, {Not} {Turning} {Out}},
	url = {https://onlinelibrary.wiley.com/doi/abs/10.1111/ajps.12427},
	doi = {10.1111/ajps.12427},
	language = {en},
	number = {4},
	urldate = {2020-02-04},
	journal = {American Journal of Political Science},
	author = {Velez, Yamil Ricardo and Newman, Benjamin J.},
	month = oct,
	year = {2019},
	pages = {808--823}
}

@misc{fletcher_fcc_2018,
	title = {{FCC} {Updates} {DTV} {Reception} {Map}},
	language = {en},
	journal = {CommLawBlog},
	author = {Fletcher and Heald and Hildreth},
	month = mar,
	year = {2018}
}

@techreport{noauthor_american_2020,
	title = {American {Community} {Survey} {Sample} {Size} and {Data} {Quality}},
	url = {https://www.census.gov/acs/www/methodology/sample-size-and-data-quality/},
	language = {en},
	institution = {United States Census Bureau},
	year = {2020}
}

@article{wolf_school_2017,
	title = {School {Suspensions} and {Adverse} {Experiences} in {Adulthood}},
	volume = {34},
	issn = {0741-8825, 1745-9109},
	url = {https://www.tandfonline.com/doi/full/10.1080/07418825.2016.1168475},
	doi = {10.1080/07418825.2016.1168475},
	language = {en},
	number = {3},
	urldate = {2020-02-08},
	journal = {Justice Quarterly},
	author = {Wolf, Kerrin C. and Kupchik, Aaron},
	month = apr,
	year = {2017},
	pages = {407--430}
}

@article{perry_suspending_2014,
	title = {Suspending {Progress}: {Collateral} {Consequences} of {Exclusionary} {Punishment} in {Public} {Schools}},
	volume = {79},
	issn = {0003-1224, 1939-8271},
	shorttitle = {Suspending {Progress}},
	url = {http://journals.sagepub.com/doi/10.1177/0003122414556308},
	doi = {10.1177/0003122414556308},
	language = {en},
	number = {6},
	urldate = {2020-02-08},
	journal = {American Sociological Review},
	author = {Perry, Brea L. and Morris, Edward W.},
	month = dec,
	year = {2014},
	pages = {1067--1087}
}

@article{arcia_achievement_2006,
	title = {Achievement and {Enrollment} {Status} of {Suspended} {Students}: {Outcomes} in a {Large}, {Multicultural} {School} {District}},
	volume = {38},
	issn = {0013-1245, 1552-3535},
	shorttitle = {Achievement and {Enrollment} {Status} of {Suspended} {Students}},
	url = {http://journals.sagepub.com/doi/10.1177/0013124506286947},
	doi = {10.1177/0013124506286947},
	language = {en},
	number = {3},
	urldate = {2020-02-08},
	journal = {Education and Urban Society},
	author = {Arcia, Emily},
	month = may,
	year = {2006},
	pages = {359--369}
}

@techreport{noauthor_ap_2020,
	title = {{AP} {Score} {Distributions}},
	url = {https://apstudents.collegeboard.org/about-ap-scores/score-distributions},
	institution = {College Board},
	year = {2020}
}

@techreport{noauthor_high_2015,
	title = {High {School} {Benchmarks} – 2015},
	url = {https://nscresearchcenter.org/hsbenchmarks2015/},
	institution = {National Student Clearinghouse Research Center},
	year = {2015}
}

@techreport{noauthor_ap_2015,
	title = {{AP} {Data} – {Archived} {Data} 2015},
	url = {https://research.collegeboard.org/programs/ap/data/archived/ap-2015},
	institution = {College Board},
	year = {2015}
}

@techreport{noauthor_elementary_2004,
	title = {Elementary and {Secondary} {Education} {Act} {Title} {IX} - {General} {Provisions}},
	url = {https://www2.ed.gov/policy/elsec/leg/esea02/pg107.html},
	institution = {U.S. Department of Education},
	year = {2004}
}

@techreport{noauthor_ensuring_2015,
	title = {Ensuring {English} {Learner} {Students} {Can} {Participate} {Meaningfully} and {Equally} in {Educational} {Programs}},
	institution = {U.S. Department of Justice, Civil Rights Division and U.S. Department of Education, Office for Civil Rights},
	year = {2015}
}